<record><leader>00000cas a22000007a 4500</leader><controlfield tag="001">40504243</controlfield><controlfield tag="008">981216c19229999miuwr n       0   a0eng  </controlfield><datafield ind1=" " ind2=" " tag="010"><subfield code="a">sn 98066992 </subfield></datafield><datafield ind1=" " ind2=" " tag="040"><subfield code="a">MHN</subfield><subfield code="b">eng</subfield><subfield code="c">MHN</subfield><subfield code="d">OCL</subfield><subfield code="d">MHN</subfield><subfield code="d">DLC</subfield><subfield code="d">OCLCO</subfield></datafield><datafield ind1=" " ind2=" " tag="012"><subfield code="m">1</subfield></datafield><datafield ind1="0" ind2=" " tag="022"><subfield code="a">2158-737X</subfield><subfield code="2">1</subfield></datafield><datafield ind1="1" ind2=" " tag="029"><subfield code="a">AU@</subfield><subfield code="b">000014355986</subfield></datafield><datafield ind1=" " ind2=" " tag="032"><subfield code="a">329480</subfield><subfield code="b">USPS</subfield></datafield><datafield ind1=" " ind2=" " tag="042"><subfield code="a">nsdp</subfield><subfield code="a">pcc</subfield></datafield><datafield ind1=" " ind2=" " tag="043"><subfield code="a">n-us-mi</subfield></datafield><datafield ind1="1" ind2="0" tag="050"><subfield code="a">ISSN RECORD</subfield></datafield><datafield ind1="1" ind2="0" tag="082"><subfield code="a">051</subfield><subfield code="2">14</subfield></datafield><datafield ind1=" " ind2="4" tag="222"><subfield code="a">The Marion press</subfield></datafield><datafield ind1="0" ind2="4" tag="245"><subfield code="a">The Marion press.</subfield></datafield><datafield ind1="1" ind2=" " tag="246"><subfield code="i">Vols. for &lt;2010- &gt; have title:</subfield><subfield code="a">Marion press publishing LLC</subfield></datafield><datafield ind1=" " ind2=" " tag="260"><subfield code="a">Marion, Osceola Co., Mich. :</subfield><subfield code="b">Ernest B. Blett, Donald O. Blett,</subfield></datafield><datafield ind1=" " ind2=" " tag="300"><subfield code="a">v.</subfield></datafield><datafield ind1=" " ind2=" " tag="310"><subfield code="a">Weekly</subfield></datafield><datafield ind1="1" ind2=" " tag="362"><subfield code="a">Began with v. 32, no. 33 (June 8, 1922).</subfield></datafield><datafield ind1=" " ind2=" " tag="588"><subfield code="a">Description based on: Vol. 120, no. 52  (Nov. 18, 2010); title from caption.</subfield></datafield><datafield ind1=" " ind2=" " tag="588"><subfield code="a">Latest issue consulted: Vol. 120, no. 52  (Nov. 18, 2010).</subfield></datafield><datafield ind1=" " ind2="0" tag="651"><subfield code="a">Marion (Mich.)</subfield><subfield code="v">Newspapers.</subfield></datafield><datafield ind1=" " ind2="0" tag="651"><subfield code="a">Osceola County (Mich.)</subfield><subfield code="v">Newspapers.</subfield></datafield><datafield ind1=" " ind2=" " tag="752"><subfield code="a">United States</subfield><subfield code="b">Michigan</subfield><subfield code="c">Osceola</subfield><subfield code="d">Marion.</subfield></datafield><datafield ind1="0" ind2="0" tag="780"><subfield code="t">Northern Osceola press</subfield><subfield code="w">(DLC)sn98066987</subfield><subfield code="w">(OCoLC)40504282</subfield></datafield></record>